<record><leader>00000cas a22000007a 4500</leader><controlfield tag="001">27776358</controlfield><controlfield tag="008">930322d18941992scuwr ne      0    0eng d</controlfield><datafield ind1=" " ind2=" " tag="010"><subfield code="a">sn 93067661 </subfield></datafield><datafield ind1=" " ind2=" " tag="040"><subfield code="a">SVN</subfield><subfield code="b">eng</subfield><subfield code="c">SVN</subfield><subfield code="d">OCLCQ</subfield></datafield><datafield ind1=" " ind2=" " tag="042"><subfield code="a">msc</subfield></datafield><datafield ind1="0" ind2="4" tag="245"><subfield code="a">The Honea Path chronicle.</subfield></datafield><datafield ind1=" " ind2=" " tag="260"><subfield code="a">Honea Path, S.C. :</subfield><subfield code="b">G.E. Moore</subfield></datafield><datafield ind1=" " ind2=" " tag="300"><subfield code="a">v.</subfield></datafield><datafield ind1=" " ind2=" " tag="310"><subfield code="a">Weekly</subfield></datafield><datafield ind1="1" ind2=" " tag="362"><subfield code="a">Began in 1894.</subfield></datafield><datafield ind1="0" ind2=" " tag="362"><subfield code="a">-v. 12, no. 22 (May 27, 1992).</subfield></datafield><datafield ind1=" " ind2=" " tag="588"><subfield code="a">Description based on: Vol. 23, no. 15 (July 4, 1917).</subfield></datafield><datafield ind1=" " ind2="4" tag="651"><subfield code="a">Anderson County (S.C.)</subfield><subfield code="v">Newspapers.</subfield></datafield><datafield ind1=" " ind2=" " tag="752"><subfield code="a">United States</subfield><subfield code="b">South Carolina</subfield><subfield code="c">Anderson</subfield><subfield code="d">Honea Path.</subfield></datafield><datafield ind1="0" ind2="7" tag="785"><subfield code="t">Belton news (Belton, S.C. : 1925)</subfield><subfield code="w">(DLC)sn 93067645</subfield></datafield><datafield ind1="0" ind2="7" tag="785"><subfield code="t">Belton and Honea Path news-chronicle</subfield><subfield code="w">(DLC)sn 93067676</subfield></datafield><datafield ind1="1" ind2=" " tag="029"><subfield code="a">AU@</subfield><subfield code="b">000020746342</subfield></datafield></record>